@article{stanley-1968,
author={H. E. Stanley},
title={Dependence of {C}ritical {P}roperties on {D}imensionality of {S}pins},
journal={Phys. Rev. Lett.},
volume={20},
number={589},
year={1968},
month={03},
doi={10.1103/PhysRevLett.20.589}}

@article{lenz-1920,
author={W. Lenz},
title={Beitrag zum {V}erständnis der magnetischen {E}rscheinungen in festen {K}örpern},
year={1920},
journal={Z. Phys.},
volume={21},
pages={613-615}}

@article{ising-1925,
author={E. Ising},
title={Beitrag zur {T}heorie des {F}erromagnetismus},
journal={Z. Phys.},
year={1925},
month={02},
volume={31},
pages={253–258}}

@article{cipra-1987,
author={B. A. Cipra},
title={An {I}ntroduction to the {I}sing {M}odel},
journal={Am. Math. Mon.},
volume={94},
number={10},
year={1987},
month={12},
pages={937-959},
doi={10.2307/2322600}}