@article{stanley-1968,
author={H. E. Stanley},
title={Dependence of {C}ritical {P}roperties on {D}imensionality of {S}pins},
journal={Phys. Rev. Lett.},
volume={20},
number={589},
year={1968},
month={03},
doi={10.1103/PhysRevLett.20.589}}

@article{lenz-1920,
author={W. Lenz},
title={Beitrag zum {V}erständnis der magnetischen {E}rscheinungen in festen {K}örpern},
year={1920},
journal={Z. Phys.},
volume={21},
pages={613-615}}

@article{ising-1925,
author={E. Ising},
title={Beitrag zur {T}heorie des {F}erromagnetismus},
journal={Z. Phys.},
year={1925},
month={02},
volume={31},
pages={253–258}}

@article{cipra-1987,
author={B. A. Cipra},
title={An {I}ntroduction to the {I}sing {M}odel},
journal={Am. Math. Mon.},
volume={94},
number={10},
year={1987},
month={12},
pages={937-959},
doi={10.2307/2322600}}

@article{kastner-2010,
author={M. Kastner},
title={Monte {C}arlo methods in statistical physics: Mathematical foundations and strategies},
journal={Commun. Nonlinear Sci. Numer. Simul.},
volume={15},
number={6},
year={2010},
publisher={Elsevier BV},
month=jun, 
pages={1589–1602},
doi={10.1016/j.cnsns.2009.06.011},}

@article{metropolis-1953,
author={N. Metropolis and A. W. Rosenbluth and M. N. Rosenbluth and A. H. Teller and E. Teller},
title={Equation of {S}tate {C}alculations by {F}ast {C}omputing {M}achines},
journal={J. Chem. Phys.},
volume={21},
number={6},
year={1953},
month={06},
pages={1087-1092}}

@article{hastings-1970,
author={W. K. Hastings},
title={Monte {C}arlo {S}ampling {U}sing {M}arkov {C}hains and {T}heir {A}pplications},
journal={Biometrika},
volume={57},
number={1},
year={1970},
month={04},
pages={97-109},
doi={10.2307/2334940}}